<record><leader>00000cas a2200000 a 4500</leader><controlfield tag="001">11693221</controlfield><controlfield tag="008">850214d19391941ksuwr ne      0   a0eng d</controlfield><datafield ind1=" " ind2=" " tag="010"><subfield code="a">sn 85030046 </subfield></datafield><datafield ind1=" " ind2=" " tag="040"><subfield code="a">KSH</subfield><subfield code="b">eng</subfield><subfield code="c">KSH</subfield><subfield code="d">NPT</subfield><subfield code="d">OCL</subfield><subfield code="d">OCLCQ</subfield></datafield><datafield ind1=" " ind2=" " tag="042"><subfield code="a">msc</subfield></datafield><datafield ind1="0" ind2=" " tag="130"><subfield code="a">Zephyr (Zenda, Kan.)</subfield></datafield><datafield ind1="1" ind2="4" tag="245"><subfield code="a">The zephyr.</subfield></datafield><datafield ind1="1" ind2="3" tag="246"><subfield code="a">Zenda zephyr</subfield><subfield code="f">Mar. 1-22, 1940</subfield></datafield><datafield ind1=" " ind2=" " tag="260"><subfield code="a">Zenda, Kan. :</subfield><subfield code="b">Matteson Pub. Co.</subfield></datafield><datafield ind1=" " ind2=" " tag="300"><subfield code="a">v. :</subfield><subfield code="b">ill. ;</subfield><subfield code="c">39-55 cm.</subfield></datafield><datafield ind1=" " ind2=" " tag="310"><subfield code="a">Weekly</subfield></datafield><datafield ind1="1" ind2=" " tag="362"><subfield code="a">Began in 1939? Ceased in 1941?</subfield></datafield><datafield ind1=" " ind2=" " tag="500"><subfield code="a">Published by: R.J. Kopriva, Oct 4, 1940-Sept. 12, 1941.</subfield></datafield><datafield ind1=" " ind2=" " tag="588"><subfield code="a">Description based on: Vol. 1, no. 3 (Dec. 15, 1939).</subfield></datafield><datafield ind1=" " ind2=" " tag="752"><subfield code="a">United States</subfield><subfield code="b">Kansas</subfield><subfield code="c">Kingman</subfield><subfield code="d">Zenda.</subfield></datafield><datafield ind1="0" ind2="0" tag="780"><subfield code="t">Zenda headlight</subfield><subfield code="w">(DLC)sn 85030045</subfield></datafield></record>